<collection xmlns="http://www.loc.gov/MARC21/slim">
<record>
  <leader>00756nam0a2200193 i 450 </leader>
  <controlfield tag="001">IT\ICCU\CNCE\078842</controlfield>
  <controlfield tag="005">20141218000000.0</controlfield>
  <datafield tag="012" ind1=" " ind2=" ">
    <subfield code="a">ecme fier deme ditr (C) 1555 (R)</subfield>
    <subfield code="2">fei</subfield>
  </datafield>
  <datafield tag="100" ind1=" " ind2=" ">
    <subfield code="a">20141218d1555        0itac0103    ba</subfield>
  </datafield>
  <datafield tag="101" ind1=" " ind2=" ">
    <subfield code="a">LAT</subfield>
    <subfield code="a">ITA</subfield>
  </datafield>
  <datafield tag="102" ind1=" " ind2=" ">
    <subfield code="a">IT</subfield>
  </datafield>
  <datafield tag="200" ind1="1" ind2=" ">
    <subfield code="a">Diui Pauli apostoli Officiolum quottidianum indulgentiijs \!! priuilegiatum</subfield>
  </datafield>
  <datafield tag="210" ind1=" " ind2=" ">
    <subfield code="e">In Milano</subfield>
    <subfield code="g">ad instantia di m. Agostino da Vinmerchato libraro in Lodi</subfield>
    <subfield code="h">il di XVIII d&apos;ottobre 1555</subfield>
  </datafield>
  <datafield tag="215" ind1=" " ind2=" ">
    <subfield code="a">\32! c.</subfield>
    <subfield code="d">8ʻ</subfield>
  </datafield>
  <datafield tag="620" ind1=" " ind2=" ">
    <subfield code="a">IT</subfield>
    <subfield code="d">Milano</subfield>
  </datafield>
  <datafield tag="712" ind1="0" ind2="2">
    <subfield code="a">Agostino da Vimercate</subfield>
    <subfield code="c"> &lt;libraio&gt;</subfield>
    <subfield code="3">IT\ICCU\CNCT\006489</subfield>
    <subfield code="4">650</subfield>
  </datafield>
  <datafield tag="791" ind1="0" ind2="2">
    <subfield code="a">Agostino da Vinmerchato</subfield>
    <subfield code="3">IT\ICCU\CNCT\006490</subfield>
    <subfield code="z">Agostino da Vimercate &lt;libraio&gt;</subfield>
  </datafield>
  <datafield tag="801" ind1=" " ind2="3">
    <subfield code="a">IT</subfield>
    <subfield code="b">ICCU</subfield>
    <subfield code="c">20201115</subfield>
  </datafield>
  <datafield tag="899" ind1=" " ind2=" ">
    <subfield code="a">Collezione privata. Firenze</subfield>
    <subfield code="1">FI0615</subfield>
  </datafield>
</record>
</collection>
